<?xml version="1.0" encoding="UTF-8"?><collection xmlns="http://www.loc.gov/MARC21/slim"><record><leader>00501nam--2200181-i-4500</leader><controlfield tag="001">000007577</controlfield><controlfield tag="002">20161230</controlfield><controlfield tag="005">20161230201027</controlfield><controlfield tag="008">060222s1000------------r-----000-0-eng-d</controlfield><datafield ind1=" " ind2=" " tag="040"><subfield code="a">IFIN-HH</subfield></datafield><datafield ind1=" " ind2=" " tag="080"><subfield code="a">413.232</subfield></datafield><datafield ind1="1" ind2=" " tag="100"><subfield code="a">Bantas, Andrei</subfield></datafield><datafield ind1="1" ind2="0" tag="245"><subfield code="a">Dictionar frazeologic roman-englez</subfield><subfield code="c">Andrei bants, andreea gheorghitoiu, leon levitchi</subfield></datafield><datafield ind1=" " ind2=" " tag="260"><subfield code="a">Bucuresti</subfield><subfield code="b">Editura Stiintifica</subfield><subfield code="c">1966</subfield></datafield><datafield ind1=" " ind2=" " tag="300"><subfield code="a">398 P</subfield></datafield><datafield ind1="1" ind2=" " tag="700"><subfield code="a">Levitchi, Leon</subfield></datafield><datafield ind1=" " ind2=" " tag="852"><subfield code="a">D.367</subfield><subfield code="c">SLG</subfield></datafield><datafield ind1=" " ind2=" " tag="CAT"><subfield code="a">Sys</subfield><subfield code="c">20130211</subfield><subfield code="h">111218</subfield></datafield></record></collection>